<record xmlns="http://www.loc.gov/MARC21/slim" xmlns:xsi="http://www.w3.org/2001/XMLSchema-instance" xsi:schemaLocation="http://www.loc.gov/MARC21/slim http://www.loc.gov/standards/marcxml/schema/MARC21slim.xsd"><leader>01509cz   2200193n  4500</leader><controlfield tag="001">oca03898478 </controlfield><controlfield tag="005">20001104070540.0</controlfield><controlfield tag="008">950811n| acannaabn          |a aaa     c</controlfield><datafield ind1=" " ind2=" " tag="010"><subfield code="a">nr 95029631 </subfield></datafield><datafield ind1=" " ind2=" " tag="040"><subfield code="a">NNC</subfield><subfield code="b">eng</subfield><subfield code="c">NNC</subfield><subfield code="d">OCoLC</subfield></datafield><datafield ind1="1" ind2=" " tag="100"><subfield code="a">Rutilius Rufus, P.</subfield><subfield code="q">(Publius),</subfield><subfield code="d">ca. 154-ca. 75 B.C.</subfield></datafield><datafield ind1="1" ind2=" " tag="400"><subfield code="a">Rutilius Rufus, Publius,</subfield><subfield code="d">ca. 154-ca. 75 B.C.</subfield></datafield><datafield ind1="1" ind2=" " tag="400"><subfield code="a">Rufus, P. Rutilius,</subfield><subfield code="q">(Publius Rutilius),</subfield><subfield code="d">ca. 154-ca. 75 B.C.</subfield></datafield><datafield ind1="0" ind2=" " tag="400"><subfield code="a">P. Rutilius Rufus</subfield><subfield code="q">(Publius Rutilius Rufus),</subfield><subfield code="d">ca. 154-ca. 75 B.C.</subfield></datafield><datafield ind1=" " ind2=" " tag="670"><subfield code="a">His De vita sua [CF] 1991:</subfield><subfield code="b">PHI CD ROM #5.3, Latin Canon, bibliographic screen (P. Rutilius Rufus)</subfield></datafield><datafield ind1=" " ind2=" " tag="670"><subfield code="a">Pauly-Wissowa:</subfield><subfield code="b">2. Reihe, 1. Halbbd., col. 1269-1280; "Rutilius", #34 (P. Rutilius Rufus; b. ca. 154 B.C.; served with Scipio Aemilianus in the Numantian War, 134 B.C.; served in war against Jugurtha, 109 B.C.; consul, 105 B.C.; opposed Saturninus; 100 B.C. met Cicero in 78 B.C.; mentioned as still living, 75 B.C.)</subfield></datafield><datafield ind1=" " ind2=" " tag="670"><subfield code="a">Oxford class. dict., 1st ed.:</subfield><subfield code="b">p. 784 (Rutilius Rufus, Publius; served with Metellus in Africa, 104-107 B.C.; consul, 105 B.C.; took part in the resistence against Saturninus, 100 B.C.; was met by Cicero in Smyra in 78 B.C.</subfield></datafield><datafield ind1=" " ind2=" " tag="670"><subfield code="a">Dict. of Greek and Roman biography and  mythology, 1967:</subfield><subfield code="b">v. 3, p. 681; "Turilius" (P. Rutilius Rufus; Roman statesman and orator; tribune under Scipio in the Numantine war; praetor, B.C. 111; consul, 105 B.C.; legate under Q. Mucius Scaevola, 95 B.C.; compelled into banishment 92 B.C.)</subfield></datafield><datafield ind1=" " ind2=" " tag="675"><subfield code="a">NUC pre-56.</subfield></datafield></record>